@misc{networkx,
    author= {NetworkX},
    year  = {2018},
    title = {Source code for networkx.drawing.layout},
    note  = {\url{https://networkx.github.io/documentation/latest/_modules/networkx/drawing/layout.html}, 
             Last accessed on 2019-03-31},
}

@article{erdos1959graph,
	title={Graph theory and probability},
	author={Erd{\"o}s, Paul},
	journal={Canadian Journal of Mathematics},
	volume={11},
	pages={34--38},
	year={1959},
	publisher={Cambridge University Press}
}

@article{mendia1992optimal,
	title={Optimal broadcasting on the star graph},
	author={Mendia, Victor E. and Sarkar, Dilip},
	journal={IEEE Transactions on Parallel and Distributed Systems},
	volume={3},
	number={4},
	pages={389--396},
	year={1992},
	publisher={IEEE}
}

@article{stoer1997simple,
	title={A simple min-cut algorithm},
	author={Stoer, Mechthild and Wagner, Frank},
	journal={Journal of the ACM (JACM)},
	volume={44},
	number={4},
	pages={585--591},
	year={1997},
	publisher={ACM}
}

@article{gallo1989fast,
	title={A fast parametric maximum flow algorithm and applications},
	author={Gallo, Giorgio and Grigoriadis, Michael D and Tarjan, Robert E},
	journal={SIAM Journal on Computing},
	volume={18},
	number={1},
	pages={30--55},
	year={1989},
	publisher={SIAM}
}

@article{king1994faster,
	title={A faster deterministic maximum flow algorithm},
	author={King, Valerie and Rao, Satish and Tarjan, Rorbert},
	journal={Journal of Algorithms},
	volume={17},
	number={3},
	pages={447--474},
	year={1994},
	publisher={Elsevier}
}

