@misc{networkx,
    author= {NetworkX},
    year  = {2018},
    title = {Source code for networkx.drawing.layout},
    note  = {\url{https://networkx.github.io/documentation/latest/_modules/networkx/drawing/layout.html}, 
             Last accessed on 2019-02-13},
}

@inproceedings{schmidt1995all,
	title={All shortest paths in weighted grid graphs and its application to finding all approximate repeats in strings},
	author={Schmidt, Jeanette},
	booktitle={Proceedings Third Israel Symposium on the Theory of Computing and Systems},
	pages={67--77},
	year={1995},
	organization={IEEE}
}

@article{newman2001scientific,
	title={Scientific collaboration networks, shortest paths, weighted networks, and centrality},
	author={Newman, Mark},
	journal={Physical Review},
	volume={64},
	number={1},
	pages={16--132},
	year={2001},
	publisher={APS}
}

@article{unnithan2014betweenness,
	title={Betweenness centrality in some classes of graphs},
	author={Unnithan, Raghavan and Kumar, Sunil and Kannan, Balakrishnan and Jathavedan, Madambi},
	journal={International Journal of Combinatorics},
	year={2014},
	pages={39--52},
	publisher={Hindawi}
}

@article{freeman1977set,
	title={A set of measures of centrality based on betweenness},
	author={Freeman, Linton},
	journal={Sociometry},
	pages={35--41},
	year={1977},
	publisher={JSTOR}
}

@inproceedings{korach1988dfs,
	title={DFS tree construction: Algorithms and characterizations},
	author={Korach, Ephraim and Ostfeld, Zvi},
	booktitle={International Workshop on Graph-Theoretic Concepts in Computer Science},
	pages={87--106},
	year={1988},
	organization={Springer}
}

@article{elmasry2013every,
	title={Every DFS Tree of a 3-Connected Graph Contains a Contractible Edge},
	author={Elmasry, Amr and Mehlhorn, Kurt and Schmidt, Jens},
	journal={Journal of Graph Theory},
	volume={72},
	number={1},
	pages={112--121},
	year={2013},
	publisher={Wiley Online Library}
}

@inproceedings{fleischer2000identifying,
	title={On identifying strongly connected components in parallel},
	author={Fleischer, Lisa K and Hendrickson, Bruce and P{\i}nar, Ali},
	booktitle={International Parallel and Distributed Processing Symposium},
	pages={505--511},
	year={2000},
	organization={Springer}
}

@article{mclendon2005finding,
	title={Finding strongly connected components in distributed graphs},
	author={Mclendon, William and Hendrickson, Bruce and Plimpton, Steven J and Rauchwerger, Lawrence},
	journal={Journal of Parallel and Distributed Computing},
	volume={65},
	number={8},
	pages={901--910},
	year={2005},
	publisher={Elsevier}
}

@article{pearce2007dynamic,
	title={A dynamic topological sort algorithm for directed acyclic graphs},
	author={Pearce, David J and Kelly, Paul HJ},
	journal={Journal of Experimental Algorithmics (JEA)},
	volume={11},
	pages={1--7},
	year={2007},
	publisher={ACM}
}

@article{dekel1981parallel,
	title={Parallel matrix and graph algorithms},
	author={Dekel, Eliezer and Nassimi, David and Sahni, Sartaj},
	journal={SIAM Journal on computing},
	volume={10},
	number={4},
	pages={657--675},
	year={1981},
	publisher={SIAM}
}

