@misc{networkx,
    author= {NetworkX},
    year  = {2018},
    title = {Source code for networkx.drawing.layout},
    note  = {\url{https://networkx.github.io/documentation/latest/_modules/networkx/drawing/layout.html}, 
             Last accessed on 2019-03-31},
}

@article{erdos1959graph,
	title={Graph theory and probability},
	author={Erd{\"o}s, Paul},
	journal={Canadian Journal of Mathematics},
	volume={11},
	pages={34--38},
	year={1959},
	publisher={Cambridge University Press}
}

@article{fruchterman1991graph,
	title={Graph drawing by force-directed placement},
	author={Fruchterman, Thomas and Reingold, Edward},
	journal={Software: Practice and experience},
	volume={21},
	number={11},
	pages={1129--1164},
	year={1991},
	publisher={Wiley Online Library}
}

@article{gallo1989fast,
	title={A fast parametric maximum flow algorithm and applications},
	author={Gallo, Giorgio and Grigoriadis, Michael D and Tarjan, Robert E},
	journal={SIAM Journal on Computing},
	volume={18},
	number={1},
	pages={30--55},
	year={1989},
	publisher={SIAM}
}

@article{king1994faster,
	title={A faster deterministic maximum flow algorithm},
	author={King, Valerie and Rao, Satish and Tarjan, Rorbert},
	journal={Journal of Algorithms},
	volume={17},
	number={3},
	pages={447--474},
	year={1994},
	publisher={Elsevier}
}

@article{tsay2010hierarchically,
	title={Hierarchically organized layout for visualization of biochemical pathways},
	author={Tsay, Jyh-Jong and Wu, Bo-Liang and Jeng, Yu-Sen},
	journal={Artificial intelligence in medicine},
	volume={48},
	number={2-3},
	pages={107--117},
	year={2010},
	publisher={Elsevier}

