@book{datos1,
	title={Estructura de Datos y Algoritmos},
	author={Aho A.V., Hopcroft J.E., Ullman J.E.},
	year={1988},
	publisher={Addison-Wesley},
	pages={76-79},
	chapters={Cap√≠tulos 6 y 7}
}

@conference{grafo2,
	title={Grafos},
	author={Zamantha Gonzalez},
	year={2008},
	subject={Desarrollo de Software},
	pages={22-25}
}

@webpage{reflexivo1,
	title={Social Network Analysis for Startups},
	author={Alexander Kouznetsov, Maksim Tsvetovat},
	chapter={Cliques, Clusters and Components},
	year={2019},
}

@thesis{graph2,
	title={Integracion de herramientas de tecnologias de informacion como soporte en la administracion del conocimiento},
	author={Carlos Arturo Vega Lebrun},
	pages={94-97},
	adress={Puebla,Mexico},
	university={Universidad Popular Autonoma del Estado de Puebla},
	grade={PhD},
	year={2005}
}

@incollection{kesen2019integrated,
	title={Integrated Production Scheduling and Distribution Planning with Time Windows},
	author={Kesen, Saadettin Erhan and Bekta{\c{s}}, Tolga},
	booktitle={Lean and Green Supply Chain Management},
	pages={231--252},
	year={2019},
	publisher={Springer}
}

@book{graphdatabase,
	author={Ian Robinson, Jim Webber, and Emil Eifrem},
	year=2015,
	title={Graph Databases},
	publisher={O'Reilly},
	address = { 1005 Gravenstein Highway North, Sebastopol, CA 95472},
	edition = {2}
}

@inproceedings{ferro1996asignacion,
	title={Asignaci{\'o}n de tareas en un sistema distribuido de tiempo real duro},
	author={Ferro, Edgardo and Orozco, Javier D and Cayssials, Ricardo},
	booktitle={II Congreso Argentino de Ciencias de la Computaci{\'o}n},
	year={1996}
}

@article{stein1961mathematician,
	title={The mathematician as an explorer},
	author={Stein, Sherman K},
	journal={Scientific American},
	volume={204},
	number={5},
	pages={148--161},
	year={1961},
	publisher={JSTOR}
}

@book{west2001introduction,
	title={Introduction to graph theory},
	author={West, Douglas Brent and others},
	volume={2},
	year={2001},
	publisher={Prentice hall Upper Saddle River}
}

@article{capcha2016teoria,
	title={La teor{\'\i}a de grafos en la resoluci{\'o}n de problemas aritm{\'e}ticos para estudiantes del laboratorio de investigaci{\'o}n e innovaci{\'o}n pedag{\'o}gica de la universidad nacional Daniel Alcides Carri{\'o}n de Pasco-2014.},
	author={Capcha Ventura, Romel F{\'e}lix},
	year={2016},
	publisher={Universidad Nacional Daniel Alcides Carri{\'o}n}
}

@article{scielo2010,
	title={Detection and correction of inconsistencies of cyclical references in database logical schemas},
	author={Carlos Garcia, Abel Rodriguez, Norma Cabrera, Luisa Gonzalez },
	journal={Fac. Ing. Univ. Antioquia },
	number={55},
	pages={165--173},
	year={2010},
}

@book{multi2005jesus,
	title={Matematica Discreta},
	author={Jesus Garcia Miranda},
	pages={131-133},
	chaper_title={Introduccion a la Teoria de Grafos},
	year={2005}, 
	chapters={Capitulo 5}
}
