@misc{networkx,
    author= {NetworkX},
    year  = {2018},
    title = {Source code for networkx.drawing.layout},
    note  = {\url{https://networkx.github.io/documentation/latest/_modules/networkx/drawing/layout.html}, 
             Last accessed on 2019-02-13},
}

@article{agapito2013visualization,
	title={Visualization of protein interaction networks: problems and solutions},
	author={Agapito, Giuseppe and Guzzi, Pietro Hiram and Cannataro, Mario},
	journal={BMC bioinformatics},
	volume={14},
	number={1},
	pages={3-6},
	year={2013},
	publisher={BioMed Central}
}

@article{tsay2010hierarchically,
	title={Hierarchically organized layout for visualization of biochemical pathways},
	author={Tsay, Jyh-Jong and Wu, Bo-Liang and Jeng, Yu-Sen},
	journal={Artificial intelligence in medicine},
	volume={48},
	number={2-3},
	pages={107--117},
	year={2010},
	publisher={Elsevier}
}

@book{easley2010networks,
	title={Networks, crowds, and markets: Reasoning about a highly connected world},
	author={Easley, David and Kleinberg, Jon},
	year={2010},
	publisher={Cambridge University Press}
}

@misc{seminar2014,
	title={Introduction into bipartite networks with Python},
	author={Stefan Kasberger},
	year={2014},
	month=feb # "~10",
	publisher={Google Patents},
	note={Karl Franzens University of Graz, Peter Csermely}
	}

@article{DBLP:journals/corr/CheongS15,
	author    = {Se{-}Hang Cheong and
	Yain{-}Whar Si},
	title     = {Accelerating the Kamada-Kawai algorithm for boundary detection in
	a mobile ad hoc network},
	journal   = {CoRR},
	volume    = {abs/1508.05312},
	year      = {2015},
	url       = {http://arxiv.org/abs/1508.05312},
	archivePrefix = {arXiv},
	eprint    = {1508.05312},
	timestamp = {Mon, 13 Aug 2018 16:48:15 +0200},
	biburl    = {https://dblp.org/rec/bib/journals/corr/CheongS15},
	bibsource = {dblp computer science bibliography, https://dblp.org}
}

@article{kamada1989algorithm,
	title={An algorithm for drawing general undirected graphs},
	author={Kamada, Tomihisa and Kawai, Satoru and others},
	journal={Information processing letters},
	volume={31},
	number={1},
	pages={7--15},
	year={1989},
	publisher={Citeseer}
}

@article{fruchterman1991graph,
	title={Graph drawing by force-directed placement},
	author={Fruchterman, Thomas and Reingold, Edward},
	journal={Software: Practice and experience},
	volume={21},
	number={11},
	pages={1129--1164},
	year={1991},
	publisher={Wiley Online Library}
}

@inproceedings{koren2003spectral,
	title={On spectral graph drawing},
	author={Koren, Yehuda},
	booktitle={International Computing and Combinatorics Conference},
	pages={496--508},
	year={2003},
	organization={Springer}
}

@article{gibson2013survey,
	title={A survey of two-dimensional graph layout techniques for information visualisation},
	author={Gibson, Helen and Faith, Joe and Vickers, Paul},
	journal={Information visualization},
	volume={12},
	number={3-4},
	pages={324--357},
	year={2013},
	publisher={Sage Publications Sage UK: London, England}
}

@inproceedings{mouri2016visualization,
	title={Visualization for Analyzing Learning Logs in the seamless learning environment},
	author={Mouri, K. and Ogata, H. and Uosaki, N. and Kiyota, M.},
	booktitle={Proceedings of the 24th International Conference on Computers in Education. India: Asia-Pacific Society for Computers in Education},
	pages={315--324},
	year={2016}
}

@article{DBLP:journals/corr/abs-1201-3011,
	author    = {Stephen G. Kobourov},
	title     = {Spring Embedders and Force Directed Graph Drawing Algorithms},
	journal   = {CoRR},
	volume    = {abs/1201.3011},
	year      = {2012},
	url       = {http://arxiv.org/abs/1201.3011},
	archivePrefix = {arXiv},
	eprint    = {1201.3011},
	timestamp = {Mon, 13 Aug 2018 16:48:43 +0200},
	biburl    = {https://dblp.org/rec/bib/journals/corr/abs-1201-3011},
	bibsource = {dblp computer science bibliography, https://dblp.org}
}

@book{cherven2015mastering,
	title={Mastering Gephi network visualization},
	author={Cherven, Ken},
	year={2015},
	publisher={Packt Publishing Ltd}
}

@article{jacomy2014forceatlas2,
	title={ForceAtlas2, a continuous graph layout algorithm for handy network visualization designed for the Gephi software},
	author={Jacomy, Mathieu and Venturini, Tommaso and Heymann, Sebastien and Bastian, Mathieu},
	journal={PloS one},
	volume={9},
	number={6},
	pages={e98679},
	year={2014},
	publisher={Public Library of Science}
}
