@article{al2005evaluation,
	title={Evaluation of municipal water distribution system reliability using minimum cut-set method},
	author={Al-Zahrani, Muhammad A and Syed, Juned Laiq},
	journal={Journal of King Saud University-Engineering Sciences},
	volume={18},
	number={1},
	pages={67--81},
	year={2005},
	publisher={Elsevier}
}

@book{billinton1992reliability,
	title={Reliability evaluation of engineering systems},
	author={Billinton, Roy and Allan, Ronald Norman},
	year={1992},
	publisher={Springer}
}

@article{cullinane1992optimization,
	title={Optimization-availability-based design of water-distribution networks},
	author={Cullinane, M John and Lansey, Kevin E and Mays, Larry W},
	journal={Journal of Hydraulic Engineering},
	volume={118},
	number={3},
	pages={420--441},
	year={1992},
	publisher={American Society of Civil Engineers}
}

@incollection{goulter1995analytical,
	title={Analytical and simulation models for reliability analysis in water distribution systems},
	author={Goulter, Ian},
	booktitle={Improving efficiency and reliability in water distribution systems},
	pages={235--266},
	year={1995},
	publisher={Springer}
}

@article{karger1996new,
	title={A new approach to the minimum cut problem},
	author={Karger, David R and Stein, Clifford},
	journal={Journal of the ACM (JACM)},
	volume={43},
	number={4},
	pages={601--640},
	year={1996},
	publisher={ACM}
}

@book{kaufmann1977mathematical,
	title={Mathematical Models for the Study of the Reliability of Systems},
	author={Kaufmann, Arnold and Cruon, Roger and Grouchko, Daniel},
	year={1977},
	publisher={Elsevier}
}

@misc{networkx,
    author= {NetworkX},
    year  = {2018},
    title = {Source code for networkx.drawing.layout},
    note  = {\url{https://networkx.github.io/documentation/latest/_modules/networkx/drawing/layout.html}, 
             Last accessed on 2019-05-10},
}

@article{su1987reliability,
	title={Reliability-based optimization model for water distribution systems},
	author={Su, Yu-Chun and Mays, Larry W and Duan, Ning and Lansey, Kevin E},
	journal={Journal of Hydraulic Engineering},
	volume={113},
	number={12},
	pages={1539--1556},
	year={1987},
	publisher={American Society of Civil Engineers}
}

@article{yang1996water,
	title={Water distribution network reliability: Connectivity analysis},
	author={Yang, Shu-Li and Hsu, Nien-Sheng and Louie, Peter WF and Yeh, William WG},
	journal={Journal of Infrastructure Systems},
	volume={2},
	number={2},
	pages={54--64},
	year={1996},
	publisher={American Society of Civil Engineers}
}